<?xml version="1.0" encoding="UTF-8"?><collection xmlns="http://www.loc.gov/MARC21/slim"><record><leader>00392nam--2200121-i-4500</leader><controlfield tag="001">000013904</controlfield><controlfield tag="002">20161230</controlfield><controlfield tag="005">20161230201030</controlfield><controlfield tag="008">060222s1000------------r-----000-0-eng-d</controlfield><datafield ind1=" " ind2=" " tag="080"><subfield code="a">550.34(061.3)</subfield></datafield><datafield ind1=" " ind2=" " tag="245"><subfield code="a">Associations internationales seismologie et d oceanographie physique. seance commune, 25 aout</subfield></datafield><datafield ind1=" " ind2=" " tag="260"><subfield code="a">Oslo, Union Geodesique Et Geophysique Interna Tionale, 1949 35 P</subfield></datafield><datafield ind1=" " ind2=" " tag="852"><subfield code="a">48104</subfield></datafield></record></collection>